<record>
<leader> cam0 22 450 </leader>
<controlfield tag="001">176563385</controlfield>
<controlfield tag="002">38</controlfield>
<controlfield tag="003">http://www.sudoc.fr/176563385</controlfield>
<controlfield tag="004">20140226</controlfield>
<controlfield tag="005">20200308180204.000</controlfield>
<controlfield tag="006">692662101</controlfield>
<controlfield tag="007">1999</controlfield>
<controlfield tag="008">Aax3</controlfield>
<datafield tag="029" ind1=" " ind2=" ">
<subfield code="a">FR</subfield>
<subfield code="b">2004LYO10016</subfield>
</datafield>
<datafield tag="035" ind1=" " ind2=" ">
<subfield code="a">(OCoLC)871069363</subfield>
</datafield>
<datafield tag="100" ind1=" " ind2=" ">
<subfield code="a">20140226d2004 k y0frey50 ba</subfield>
</datafield>
<datafield tag="101" ind1="0" ind2=" ">
<subfield code="a">fre</subfield>
<subfield code="d">fre</subfield>
<subfield code="d">eng</subfield>
</datafield>
<datafield tag="102" ind1=" " ind2=" ">
<subfield code="a">FR</subfield>
</datafield>
<datafield tag="105" ind1=" " ind2=" ">
<subfield code="a">a ma 000yy</subfield>
</datafield>
<datafield tag="106" ind1=" " ind2=" ">
<subfield code="a">r</subfield>
</datafield>
<datafield tag="181" ind1=" " ind2=" ">
<subfield code="6">z01</subfield>
<subfield code="c">txt</subfield>
<subfield code="2">rdacontent</subfield>
</datafield>
<datafield tag="181" ind1=" " ind2="1">
<subfield code="6">z01</subfield>
<subfield code="a">i#</subfield>
<subfield code="b">xxxe##</subfield>
</datafield>
<datafield tag="182" ind1=" " ind2=" ">
<subfield code="6">z01</subfield>
<subfield code="c">n</subfield>
<subfield code="2">rdamedia</subfield>
</datafield>
<datafield tag="182" ind1=" " ind2="1">
<subfield code="6">z01</subfield>
<subfield code="a">n</subfield>
</datafield>
<datafield tag="200" ind1="1" ind2=" ">
<subfield code="a">
Préparation d'haptènes de la vitamine D et obtention d'anticorps monoclonaux anti-25-hydroxyvitamine D pour la mise au point d'un immunodosage simultané des deux 25-hydroxyvitamines D2 et D3
</subfield>
<subfield code="f">Sébastien Penlou</subfield>
<subfield code="g">sous la direction de Claude-Yves Cuilleron</subfield>
</datafield>
<datafield tag="210" ind1=" " ind2=" ">
<subfield code="a">[S.l.]</subfield>
<subfield code="c">[s.n.]</subfield>
<subfield code="d">2004</subfield>
</datafield>
<datafield tag="215" ind1=" " ind2=" ">
<subfield code="a">1 vol. (268 p.)</subfield>
<subfield code="c">ill. en noir et en coul.</subfield>
<subfield code="d">30 cm</subfield>
</datafield>
<datafield tag="310" ind1=" " ind2=" ">
<subfield code="a">Thèse confidentielle jusqu'en février 2014</subfield>
</datafield>
<datafield tag="320" ind1=" " ind2=" ">
<subfield code="a">Références bibliogr. p. 260-267</subfield>
</datafield>
<datafield tag="328" ind1=" " ind2="0">
<subfield code="b">Thèse de doctorat</subfield>
<subfield code="c">Chimie</subfield>
<subfield code="e">Lyon 1</subfield>
<subfield code="d">2004</subfield>
</datafield>
<datafield tag="330" ind1=" " ind2=" ">
<subfield code="a">
Dans le but d'accéder à un radioimmunodosage simultané des 25-hydroxyvitamines D2 et D3, qui sont un bon indicateur de la quantité de vitamine D disponible dans l'organisme, 5 haptènes de la vitamine D de chaînons variables à fonction acide carboxylique terminale ont été préparés par hémisynthèse à partir de la chaîne latérale de la vitamine D2. Ces 5 haptènes ont été couplés à la sérum albumine bovine pour immuniser des souris, des rats et des lapins ou bien à l'histamine pour donner des traceurs radioactifs, marqués à l'iode (125I). Les animaux ont bien répondu en sécrétant des anticorps dirigés contre les deux 25-hydroxyvitamines D2 et D3 avec des reconnaissances presque identiques. Les cellules spléniques de 3 de ces rats ont pu être fusionnées avec un myélome de souris afin de les immortaliser. Deux hybridomes sécréteurs d'anticorps monoclonaux qui reconnaissent les deux vitamines similairement et ne croisent pas avec l'hormone 1α,25-dihydroxyvitamine D ont pu être sélectionnés.
</subfield>
</datafield>
<datafield tag="330" ind1=" " ind2=" ">
<subfield code="a">
Vitamin D status can be determined by a radioimmunoassay measurement of 25-hydroxyvitamins D2 and D3 in plasma. For this purpose, 5 vitamin D haptens with different terminal carboxylic acid side chains were synthesised from vitamin D2. Rabbits, rats and mouse antibodies were generated by immunisation with bovine serum albumin conjugates of these 5 haptens. Histamine conjugates gave precursors of the radioiodinated tracers. 25-hydroxyvitamin D2 and D3 antibodies were obtained from all these animals with more or less equal recognition. Spleen cells from 3 rats immunised were fused with mouse myeloma cells. Two different hydridoma clones secreting monoclonal antibodies with equal response for the two vitamins and no cross-reaction with 1α,25-dihydroxyvitamin D were selected.
</subfield>
</datafield>
<datafield tag="452" ind1=" " ind2="|">
<subfield code="0">226569349</subfield>
<subfield code="t">
Préparation d'haptènes de la vitamine D et obtention d'anticorps monoclonaux anti-25-hydroxyvitamine D pour la mise au point d'un immunodosage simultané des deux 25-hydroxyvitamines D2 et D3
</subfield>
<subfield code="f">Sébastien Penlou</subfield>
<subfield code="c">Villeurbanne</subfield>
<subfield code="n">[CCSD]</subfield>
<subfield code="d">2014</subfield>
</datafield>
<datafield tag="541" ind1="|" ind2=" ">
<subfield code="a">
Synthesis of vitamin D haptens and production of monoclonal anti-25-hydroxyvitamin D antibodies for the optimization of a simultaneous 25-hydroxyvitamins D2 and D3 immunoassay
</subfield>
<subfield code="z">eng</subfield>
</datafield>
<datafield tag="579" ind1=" " ind2=" ">
<subfield code="1">0499</subfield>
<subfield code="3">226608484</subfield>
</datafield>
<datafield tag="606" ind1=" " ind2=" ">
<subfield code="3">027364593</subfield>
<subfield code="a">Vitamines D</subfield>
<subfield code="2">rameau</subfield>
</datafield>
<datafield tag="606" ind1=" " ind2=" ">
<subfield code="3">02740997X</subfield>
<subfield code="a">Immunodosage</subfield>
<subfield code="2">rameau</subfield>
</datafield>
<datafield tag="606" ind1=" " ind2=" ">
<subfield code="3">029550440</subfield>
<subfield code="a">Traceurs (chimie)</subfield>
<subfield code="2">rameau</subfield>
</datafield>
<datafield tag="606" ind1=" " ind2=" ">
<subfield code="3">027814742</subfield>
<subfield code="a">Haptènes</subfield>
<subfield code="2">rameau</subfield>
</datafield>
<datafield tag="606" ind1=" " ind2=" ">
<subfield code="3">040715345</subfield>
<subfield code="a">Haptènes</subfield>
<subfield code="3">040839486</subfield>
<subfield code="x">Dissertation universitaire</subfield>
<subfield code="2">fmesh</subfield>
</datafield>
<datafield tag="608" ind1=" " ind2=" ">
<subfield code="3">027253139</subfield>
<subfield code="a">Thèses et écrits académiques</subfield>
<subfield code="2">rameau</subfield>
</datafield>
<datafield tag="686" ind1=" " ind2=" ">
<subfield code="a">540</subfield>
<subfield code="2">TEF</subfield>
</datafield>
<datafield tag="700" ind1=" " ind2="1">
<subfield code="3">176579184</subfield>
<subfield code="a">Penlou</subfield>
<subfield code="b">Sébastien</subfield>
<subfield code="4">070</subfield>
</datafield>
<datafield tag="701" ind1=" " ind2="1">
<subfield code="3">172588960</subfield>
<subfield code="a">Cuilleron</subfield>
<subfield code="b">Claude-Yves</subfield>
<subfield code="f">19..-....</subfield>
<subfield code="4">727</subfield>
</datafield>
<datafield tag="711" ind1="0" ind2="2">
<subfield code="3">026402823</subfield>
<subfield code="a">Université Claude Bernard</subfield>
<subfield code="c">Lyon</subfield>
<subfield code="4">295</subfield>
</datafield>
<datafield tag="801" ind1=" " ind2="3">
<subfield code="a">FR</subfield>
<subfield code="b">Abes</subfield>
<subfield code="c">20200308</subfield>
<subfield code="g">AFNOR</subfield>
</datafield>
<datafield tag="830" ind1=" " ind2=" ">
<subfield code="a">
Réforme Rameau Genre-Forme retro thèses (ne pas supprimer)
</subfield>
</datafield>
<datafield tag="915" ind1=" " ind2=" ">
<subfield code="5">692662101:500106428</subfield>
<subfield code="b">20226493</subfield>
</datafield>
<datafield tag="930" ind1=" " ind2=" ">
<subfield code="5">692662101:500106428</subfield>
<subfield code="b">692662101</subfield>
<subfield code="a">T50/210/2004/251</subfield>
<subfield code="j">u</subfield>
</datafield>
<datafield tag="940" ind1=" " ind2=" ">
<subfield code="5">692662101:500106428</subfield>
<subfield code="a">20140227</subfield>
<subfield code="b">x</subfield>
</datafield>
<datafield tag="941" ind1=" " ind2=" ">
<subfield code="5">692662101:500106428</subfield>
<subfield code="a">20150127</subfield>
<subfield code="b">14:59:04.000</subfield>
</datafield>
<datafield tag="991" ind1=" " ind2=" ">
<subfield code="5">692662101:500106428</subfield>
<subfield code="a">
Catalogage rétrospectif-2014-FINANCEMENT ABES-CRE SAI-Lyon1 Sciences thèses
</subfield>
</datafield>
</record>